<?xml version="1.0" encoding="UTF-8"?><collection><record><leader>07375ntm a2200637 a 4500</leader><controlfield tag="001">006813656</controlfield><controlfield tag="003">MiAaHDL</controlfield><controlfield tag="005">20190719000000.0</controlfield><controlfield tag="006">m        d        </controlfield><controlfield tag="007">cr bn ---auaua</controlfield><controlfield tag="008">090606s17uu    xx            ||| | ara  </controlfield><datafield tag="035" ind1=" " ind2=" "><subfield code="a">(MiU)006813656</subfield></datafield><datafield tag="035" ind1=" " ind2=" "><subfield code="a">sdr-miu006813656</subfield></datafield><datafield tag="040" ind1=" " ind2=" "><subfield code="a">MiU</subfield><subfield code="c">MiU</subfield><subfield code="e">amremm</subfield></datafield><datafield tag="043" ind1=" " ind2=" "><subfield code="a">n-us-mi</subfield></datafield><datafield tag="100" ind1="1" ind2=" "><subfield code="6">880-01</subfield><subfield code="a">Qazwīnī, Jalāl al-Dīn Muḥammad ibn ʻAbd al-Raḥmān,</subfield><subfield code="d">1267 or 1268-1338.</subfield></datafield><datafield tag="245" ind1="1" ind2="0"><subfield code="6">880-03</subfield><subfield code="a">[Talkhīṣ al-Miftāḥ maʻa al-Masālik,</subfield><subfield code="f">18th century].</subfield></datafield><datafield tag="260" ind1=" " ind2=" "><subfield code="c">[17--].</subfield></datafield><datafield tag="300" ind1=" " ind2=" "><subfield code="a">81 leaves :</subfield><subfield code="b">paper ;</subfield><subfield code="c">207 x 137 (131 x 57) mm.</subfield></datafield><datafield tag="500" ind1=" " ind2=" "><subfield code="a">Shelfmark: Ann Arbor, University of Michigan, Special Collections Library, Isl. Ms. 630</subfield></datafield><datafield tag="500" ind1=" " ind2=" "><subfield code="a">Origin: Lacks dated colophon ; paper, etc. suggest 18th century.</subfield></datafield><datafield tag="500" ind1=" " ind2=" "><subfield code="a">Accompanying materials: a. Acquisitions slip from Yahuda -- b. Inventory cataloguing slip in hand of Winifred Smeaton Thomas -- c. Slip with notes (paginated pp.81-82).</subfield></datafield><datafield tag="500" ind1=" " ind2=" "><subfield code="a">Former shelfmark: From inner front cover, "IL 59c" (likely supplied by Yahuda, see acquisitions slip).</subfield></datafield><datafield tag="500" ind1=" " ind2=" "><subfield code="a">Binding: Pasteboards covered in marbled paper (once in dark blue, salmon, lavender, lime green, etc.) with dark red-brown leather over spine, fore edge flap, and edges/turn-ins (framed binding) ; Type II binding (with flap) ; board linings in untinted laid paper ; sewn in dark pink thread, two stations ; overall in poor condition with significant abrasion, staining, lifting and losses of leather, delamination of boards, upper cover fully detached, etc. ; repairs in tan leather ; housed in box for protection.</subfield></datafield><datafield tag="500" ind1=" " ind2=" "><subfield code="a">Support: European laid paper with 11 laid lines per cm. (vertical), chain lines spaced 23 mm. apart (horizontal), and watermarks including grapes (raisin) with crown above (see p.150, 155, etc.), arms in circle with crown above (see p.152, 153, etc.), and name (see p.148, 157, etc.), thin and transluscent though sturdy, well-burnished to glossy, medium cream in color.</subfield></datafield><datafield tag="500" ind1=" " ind2=" "><subfield code="a">Decoration: Simple illuminated headpiece at opening on p.2 consisting of an arrangement of abstract floral forms in gold defining the shape of a triangular piece (or hasp) ; text of incipit and facing page for opening work (pp.2-3) surrounded by gold frame ; thereafter written area surrounded by a red rule-border ; keywords, passages of text being commented upon, sections headings, etc. rubricated ; textual divders in the form of letter hāʼ (or three) in red ; some overlining in red.</subfield></datafield><datafield tag="500" ind1=" " ind2=" "><subfield code="a">Script: Naskh ; elegant Turkish hand ; virtually serifless (though alif of lām-alif ligature resembles ٩), in places fairly vertical and elsewhere with effect of tilt to the left, rounded with curvilinear descenders, pointing in strokes rather than distinct dots, occasional sweeping tails (final yāʼ, qāf, etc.) ; partially vocalized.</subfield></datafield><datafield tag="500" ind1=" " ind2=" "><subfield code="a">Layout: Written in 19 lines per page ; frame-ruled (impression of ruling board evident).</subfield></datafield><datafield tag="500" ind1=" " ind2=" "><subfield code="a">Collation: 7 V(70), VI-1 (81) ; almost exclusively quinions ; pagination in pencil, Western numerals, supplied during digitization (includes one insert and mistakenly skips two pages between p.95 and p.96).</subfield></datafield><datafield tag="500" ind1=" " ind2=" "><subfield code="a">Incipit: [Talkhīṣ al-Miftāḥ] "الحمد لله على ما انعم وعلم من البيان ما لم نعلم و الصلوة على سيدنا محمد خير من نطق بالصواب ... اما بعد فلما كان علم البلاغة و توابعها من اجل العلوم قدرا و ادقها سرا ..." ; [al-Masālik] "الحمد لمن علم الانسان ما احتواه القرآن ... اما بعد فلما رفع العزيمة من اغتنم باقتباس انوار شمس العالمين اضعف الخلائق حمزة بن درغود نور الدين على حج بيت الله البيت الحرام وتقبيل عتبة سيد الانام ركب السفينة من قسطنطنية ... فاشتغل بحفظ تلخيص المفتاح ... فرتب بعد قضاء الوطر رسالة على مقدمة ومسالك ثلاثة وخاتمة خالصة عن المهالك وموسومة بالمسالك ..."</subfield></datafield><datafield tag="500" ind1=" " ind2=" "><subfield code="a">Title supplied by cataloguer.</subfield></datafield><datafield tag="500" ind1=" " ind2=" "><subfield code="a">Ms. codex.</subfield></datafield><datafield tag="505" ind1="0" ind2=" "><subfield code="a">5. p.161-p.162 : [blank].</subfield></datafield><datafield tag="505" ind1="0" ind2=" "><subfield code="a">4. p.102-p.160 : al-Masālik / Hamza bin Turgut Aydınî.</subfield></datafield><datafield tag="505" ind1="0" ind2=" "><subfield code="a">3. p.101 : [originally left blank to serve as 'title page' for following work, now carries assorted excerpts].</subfield></datafield><datafield tag="505" ind1="0" ind2=" "><subfield code="a">2. p.2-p.100 : Talkhīṣ al-Miftāḥ / Jalāl al-Dīn Muḥammad ibn ʻAbd al-Raḥmān al-Qazwīnī.</subfield></datafield><datafield tag="505" ind1="0" ind2=" "><subfield code="a">1. p.1 : [opening 'title page' with various excerpts, former owners' marks, etc.].</subfield></datafield><datafield tag="510" ind1="4" ind2=" "><subfield code="a">Ḥājjī Khalīfah. Kashf al-ẓunūn,</subfield><subfield code="c">1 / 478</subfield></datafield><datafield tag="510" ind1="4" ind2=" "><subfield code="a">Brockelmann, C. GAL,</subfield><subfield code="c">I 295 ; I 296 no. 2 (auszüge)</subfield></datafield><datafield tag="520" ind1="8" ind2=" "><subfield code="a">Fine copy of Talkhīṣ al-Miftāḥ, the abridgment by al-Qazwīnī, Khaṭīb Dimashq, (d.1338) of the third part of Miftāḥ al-ʻulūm by Yūsuf ibn Abī Bakr al-Sakkākī (d. 626/1229) on rhetoric (ʻilm al-maʻānī wa-al-bayān), followed by an abridgment of al-Qazwīnī's abridgment by Nūr al-Dīn Ḥamzah ibn Durghūd [or Ṭurghūd or Ṭūrghūd] (Nurettin Hamza bin Turgut Aydınî, d.1572), entitled al-Masālik. Contents listing on opening 'title page' (p.1) suggests that these two works were once bound with two additional works, now lacking.</subfield></datafield><datafield tag="538" ind1=" " ind2=" "><subfield code="a">Mode of access: Internet.</subfield></datafield><datafield tag="541" ind1=" " ind2=" "><subfield code="a">Acquired in 1926 from the bookseller Isaac Benjamin S.E. Yahuda via purchase transacted on his behalf by Abraham Shalom Yahuda (1877-1951), his younger brother.</subfield></datafield><datafield tag="546" ind1=" " ind2=" "><subfield code="a">Arabic.</subfield></datafield><datafield tag="561" ind1=" " ind2=" "><subfield code="a">Ownership statement on opening 'title page' (p.1) dated 1201 [1786 or 7] in name of Osman, müftü in Diyarbakır (آمد) and son of Ebubekir Efendi, Kuçuk Ahmetzade (d.1776, see Osmanlı müellifleri vol.2, p.311), accompanied by his oval seal impression, statement reads "من كتب الفقير اليه عز شأنه عثمان المفتي بمدينه آمد حمي عن المكائد [؟] ابن الحاج ابو بكر افندى الشهير بكجوك احمد زاده عفي عنهم العافي ينه ١٢٠١" (compare statements in Isl. Ms. 540 and Isl. Ms. 558) ; glosses and occasional marginal corrections.</subfield></datafield><datafield tag="600" ind1="1" ind2="0"><subfield code="a">Qazwīnī, Jalāl al-Dīn Muḥammad ibn ʻAbd al-Raḥmān,</subfield><subfield code="d">1267 or 8-1338.</subfield><subfield code="t">Talkhīṣ al-Miftāḥ.</subfield></datafield><datafield tag="600" ind1="1" ind2="0"><subfield code="a">Sakkākī, Yūsuf ibn Abī Bakr,</subfield><subfield code="d">1160-1229.</subfield><subfield code="t">Miftāḥ al-ʻulūm.</subfield><subfield code="n">Qism 3.</subfield></datafield><datafield tag="650" ind1=" " ind2="0"><subfield code="a">Manuscripts, Arabic</subfield><subfield code="z">Michigan</subfield><subfield code="z">Ann Arbor.</subfield></datafield><datafield tag="650" ind1=" " ind2="0"><subfield code="a">Arabic language</subfield><subfield code="x">Grammar</subfield><subfield code="v">Early works to 1800.</subfield></datafield><datafield tag="650" ind1=" " ind2="0"><subfield code="a">Arabic language</subfield><subfield code="x">Rhetoric</subfield><subfield code="v">Early works to 1800.</subfield></datafield><datafield tag="700" ind1="0" ind2=" "><subfield code="6">880-05</subfield><subfield code="a">Osman bin Kuçuk Ahmetzade Ebubekir Efendi,</subfield><subfield code="d">fl. 1786,</subfield><subfield code="e">former owner.</subfield></datafield><datafield tag="700" ind1="1" ind2="2"><subfield code="6">880-04</subfield><subfield code="a">Hamza bin Turgut Aydınî,</subfield><subfield code="d">d. 1572.</subfield><subfield code="t">Masālik.</subfield></datafield><datafield tag="773" ind1="0" ind2=" "><subfield code="a">Yahuda Collection.</subfield></datafield><datafield tag="880" ind1="0" ind2=" "><subfield code="6">700-05/</subfield><subfield code="a">عثمان بن كوجك احمد زاده ابو بكر افندى،</subfield><subfield code="e">ناسخ.</subfield></datafield><datafield tag="880" ind1="1" ind2="2"><subfield code="6">700-04/</subfield><subfield code="a">حمزة بن درغود آيدينى.</subfield><subfield code="t">مسالك.</subfield></datafield><datafield tag="880" ind1="1" ind2="0"><subfield code="6">245-03/</subfield><subfield code="a">[تلخيص المفتاح مع المسالك,</subfield><subfield code="f">القرن 18م].</subfield></datafield><datafield tag="880" ind1="1" ind2=" "><subfield code="6">100-01/</subfield><subfield code="a">قزويني، جلال الدين محمد بن عبد الرحمن.</subfield></datafield><datafield tag="CID" ind1=" " ind2=" "><subfield code="a">006813656</subfield></datafield><datafield tag="DAT" ind1="0" ind2=" "><subfield code="a">20190719102638.0</subfield><subfield code="b">20190719000000.0</subfield></datafield><datafield tag="DAT" ind1="1" ind2=" "><subfield code="a">20190719090653.0</subfield><subfield code="b">2019-07-19T16:12:00Z</subfield></datafield><datafield tag="DAT" ind1="2" ind2=" "><subfield code="a">2015-10-02T18:00:03Z</subfield></datafield><datafield tag="CAT" ind1=" " ind2=" "><subfield code="a">SDR-MIU</subfield><subfield code="d">EX LIBRIS - ALEPH</subfield><subfield code="l">prepare.pl-004-008</subfield></datafield><datafield tag="FMT" ind1=" " ind2=" "><subfield code="a">BK</subfield></datafield><datafield tag="HOL" ind1=" " ind2=" "><subfield code="0">sdr-miu006813656</subfield><subfield code="a">MiU</subfield><subfield code="b">SDR</subfield><subfield code="c">MIU</subfield><subfield code="p">mdp.39015079128446</subfield><subfield code="s">MIU</subfield><subfield code="1">006813656</subfield></datafield><datafield tag="974" ind1=" " ind2=" "><subfield code="b">MIU</subfield><subfield code="c">MIU</subfield><subfield code="d">20190719</subfield><subfield code="s">lit-dlps-dc</subfield><subfield code="u">mdp.39015079128446</subfield><subfield code="y">1799</subfield><subfield code="r">pd</subfield><subfield code="q">bib</subfield><subfield code="t">non-US bib date1 &lt; 1896</subfield></datafield></record></collection>